% ------------------------------------------------------------------------
% BIBLIOGRAFIA
% ------------------------------------------------------------------------

@BOOK{davies,
  AUTHOR =       {Davies, E. R.},
  TITLE =        {Machine Vision, Thoery, Algorithms, Practicalities},
  PUBLISHER =         {Morgan Kaufmann},
  YEAR	= {2005}
}

@article{inspection:2009,
  title={Automated defect inspection of light-emitting diode chips using neural network and statistical approaches},
  author={Lin, H.D.},
  journal={Expert Systems with Applications},
  volume={36},
  number={1},
  pages={219--226},
  year={2009},
  publisher={Elsevier}
}


@inproceedings{fingertrack:2004,
  title={Visual tracking of bare fingers for interactive surfaces},
  author={Letessier, J. and B{\'e}rard, F.},
  booktitle={Proceedings of the 17th annual ACM symposium on User interface software and technology},
  pages={119--122},
  year={2004},
  organization={ACM}
}


@misc{armyBATprez,
    author = {Biometrics Task Force},
    title =        "Biometric Automated Toolset (BAT) and 
Handheld Interagency Identity
Detection Equipment (HIIDE)",
    howpublished = "[online]",
    note =         "[dostęp: 2012-05-29]",
    annote = {Prezentacja dostępna w Internecie \url{http://biometrics.nist.gov/cs_links/standard/archived/workshops/xmlandmobileid/Presentations-docs/Vermury-BAT-HIIDE.pdf}},
    year = {2007}
}  

@MANUAL{iview:2009,
   author = {SensoMotoric Instruments GmbH},
   title = {iView\texttrademark System Manual},
   year = 2009
   }

@BOOK{eyetrackingmethodology:2009,
	author = {Pernice Kara and Jakob Nielsen},
	title = {Eyetracking Methodology. How to Conduct and Evaluate Usability Studies Using Eyetracking},
	year = {2009},
	publisher = {Nielsen Norman Group},
	howpublished = "[online]",
    note =         "[dostęp: 2012-05-23 15:43Z]",
    annote = {Dostępna w Internecie \url{http://www.useit.com/eyetracking/methodology/}}
}	


@InCollection{pool:2006,
  author     = 	 {Pool, A. and Ball, J.},
  title      = 	 {Eye Tracking in HCI and Usability Research.},
  booktitle  = 	 {Encyclopedia of Human Computer Interaction},
  pages      =	 { 211-219},
  publisher  =	 {IGI Global},
  year       =	 2006,
  editor     =	 {Ghaoui, C.}
}

@misc{web:openkinect,
	author={OpenKinect},
  title = {{OpenKinect} project WebSite},
  howpublished = {\url{http://openkinect.org/wiki/Main_Page}},
  note = {[dostęp: 23 maja 2012 roku]},
  	year = "2012"
}
  
   
@PHDTHESIS{roberts:1963,
	author = {Lawrence G. Roberts},
	title = {Machine Perception Of Three-Dimensional Solids},
	school = {Massachusetts Institued of Technology, Lincoln Laboratory},
	year = 1963
}

